@inproceedings{macqueen1967some,
  title={Some methods for classification and analysis of multivariate observations},
  author={MacQueen, James and others},
  booktitle={Proceedings of the fifth Berkeley symposium on mathematical statistics and probability},
  volume={1},
  number={14},
  pages={281--297},
  year={1967},
  organization={Oakland, CA, USA.}
}
@incollection{hastie2009unsupervised,
  title={Unsupervised learning},
  author={Hastie, Trevor and Tibshirani, Robert and Friedman, Jerome},
  booktitle={The elements of statistical learning},
  pages={485--585},
  year={2009},
  publisher={Springer}
}
@article{sillverman1951important,
  title={An important contribution to nonparametric discriminant analysis and density estimation},
  author={Sillverman, BW and Jones, MC and Fix, E and Hodges, JL},
  journal={International Statistical Review},
  volume={57},
  number={3},
  pages={233--247},
  year={1951}
}
@book{rokach2014data,
  title={Data mining with decision trees: theory and applications},
  author={Rokach, Lior and Maimon, Oded},
  year={2014},
  publisher={World scientific}
}
@inproceedings{kohavi1995study,
  title={A study of cross-validation and bootstrap for accuracy estimation and model selection},
  author={Kohavi, Ron and others},
  booktitle={Ijcai},
  volume={14},
  number={2},
  pages={1137--1145},
  year={1995}
}
@inproceedings{agrawal1993mining,
  title={Mining association rules between sets of items in large databases},
  author={Agrawal, Rakesh and Imieli{\'n}ski, Tomasz and Swami, Arun},
  booktitle={Acm sigmod record},
  volume={22},
  number={2},
  pages={207--216},
  year={1993},
  organization={ACM}
}