@book{briggs2000multigrid,
  title={A multigrid tutorial},
  author={Briggs, William L and Henson, Van Emden and McCormick, Steve F},
  year={2000},
  publisher={SIAM}
}
@article{ye2001nonlinear,
  title={Nonlinear multigrid algorithms for Bayesian optical diffusion tomography},
  author={Ye, Jong Chul and Bouman, Charles A and Webb, Kevin J and Millane, Rick P},
  journal={IEEE Transactions on Image Processing},
  volume={10},
  number={6},
  pages={909--922},
  year={2001},
  publisher={IEEE}
}